@Inbook{Xu2019,
  author="Xu, Shouhuai",
  editor="Wang, Cliff and Lu, Zhuo",
  title="Cybersecurity Dynamics: A Foundation for the Science of Cybersecurity",
  bookTitle="Proactive and Dynamic Network Defense",
  year="2019",
  publisher="Springer International Publishing",
  address="Cham",
  pages="1--31",
  isbn="978-3-030-10597-6",
  doi="10.1007/978-3-030-10597-6_1",
  url="https://doi.org/10.1007/978-3-030-10597-6_1"
}
@article{myung2002mathematical,
  title={Mathematical modeling},
  author={Myung, In Jae and Pitt, Mark A},
  journal={Stevens’ handbook of experimental psychology},
  volume={4},
  pages={429--460},
  year={2002}
}
@article{Marion2008,
   author = {Marion, Glenn},
   title = {An Introduction to Mathematical Modelling},
   journal = {Research},
   pages = {1--35},
   year = {2008},
   type = {Journal Article}
}
@article{daya2013network,
  title={Network security: History, importance, and future},
  author={Daya, Bhavya},
  journal={University of Florida Department of Electrical and Computer Engineering},
  volume={4},
  year={2013}
}
@article{poolsappasit2011dynamic,
  title={Dynamic security risk management using bayesian attack graphs},
  author={Poolsappasit, Nayot and Dewri, Rinku and Ray, Indrajit},
  journal={IEEE Transactions on Dependable and Secure Computing},
  volume={9},
  number={1},
  pages={61--74},
  year={2011},
  publisher={IEEE}
}
@misc{securityfocus2009,
    title = {security focus bugtraq vulnerability notification database},
    year="2009",
    url= "http://www.securityfocus.com/archive"
}
@article{moustafa2018ensemble,
  title={An ensemble intrusion detection technique based on proposed statistical flow features for protecting network traffic of internet of things},
  author={Moustafa, Nour and Turnbull, Benjamin and Choo, Kim-Kwang Raymond},
  journal={IEEE Internet of Things Journal},
  volume={6},
  number={3},
  pages={4815--4830},
  year={2018},
  publisher={IEEE}
}
@misc{UNSW2018,
    title = {The-UNSW-NB15-Dataset},
    year="2018",
    url= "https://www.unsw.adfa.edu.au/australian-centre-for-cybersecurity/cybersecurity/ADFA-NB15-Datasets/."
}
@misc{NIMS2018,
    title = {The-NIMS-Dataset},
    year="2018",
    url= "https://projects.cs.dal.ca/projectx/Download.html."
}
@inproceedings{beigi2014towards,
  title={Towards effective feature selection in machine learning-based botnet detection approaches},
  author={Beigi, Elaheh Biglar and Jazi, Hossein Hadian and Stakhanova, Natalia and Ghorbani, Ali A},
  booktitle={2014 IEEE Conference on Communications and Network Security},
  pages={247--255},
  year={2014},
  organization={IEEE}
}
@inproceedings{elsayed2020ddosnet,
  title={Ddosnet: A deep-learning model for detecting network attacks},
  author={Elsayed, Mahmoud Said and Le-Khac, Nhien-An and Dev, Soumyabrata and Jurcut, Anca Delia},
  booktitle={2020 IEEE 21st International Symposium on" A World of Wireless, Mobile and Multimedia Networks"(WoWMoM)},
  pages={391--396},
  year={2020},
  organization={IEEE}
}
@inproceedings{sharafaldin2019developing,
  title={Developing realistic distributed denial of service (DDoS) attack dataset and taxonomy},
  author={Sharafaldin, Iman and Lashkari, Arash Habibi and Hakak, Saqib and Ghorbani, Ali A},
  booktitle={2019 International Carnahan Conference on Security Technology (ICCST)},
  pages={1--8},
  year={2019},
  organization={IEEE}
}
@inproceedings{lavrov2020mathematical,
  title={Mathematical models for reducing functional networks to ensure the reliability and cybersecurity of ergatic control systems},
  author={Lavrov, Evgeniy and Pasko, Nadiia and Siryk, Olga and Burov, Oleksandr and Natalia, Morkun},
  booktitle={2020 IEEE 15th International Conference on Advanced Trends in Radioelectronics, Telecommunications and Computer Engineering (TCSET)},
  pages={179--184},
  year={2020},
  organization={IEEE}
}
@article{manandhar2014detection,
  title={Detection of faults and attacks including false data injection attack in smart grid using Kalman filter},
  author={Manandhar, Kebina and Cao, Xiaojun and Hu, Fei and Liu, Yao},
  journal={IEEE transactions on control of network systems},
  volume={1},
  number={4},
  pages={370--379},
  year={2014},
  publisher={IEEE}
}
@inproceedings{liu2020reflection,
  title={Reflection backdoor: A natural backdoor attack on deep neural networks},
  author={Liu, Yunfei and Ma, Xingjun and Bailey, James and Lu, Feng},
  booktitle={Computer Vision--ECCV 2020: 16th European Conference, Glasgow, UK, August 23--28, 2020, Proceedings, Part X 16},
  pages={182--199},
  year={2020},
  organization={Springer}
}
@article{yu2013can,
  title={Can we beat DDoS attacks in clouds?},
  author={Yu, Shui and Tian, Yonghong and Guo, Song and Wu, Dapeng Oliver},
  journal={IEEE Transactions on parallel and distributed systems},
  volume={25},
  number={9},
  pages={2245--2254},
  year={2013},
  publisher={IEEE}
}
@article{bhushan2019distributed,
  title={Distributed denial of service (DDoS) attack mitigation in software defined network (SDN)-based cloud computing environment},
  author={Bhushan, Kriti and Gupta, Brij B},
  journal={Journal of Ambient Intelligence and Humanized Computing},
  volume={10},
  pages={1985--1997},
  year={2019},
  publisher={Springer}
}
@article{martinez2019machine,
  title={Machine learning techniques applied to cybersecurity},
  author={Mart{\'\i}nez Torres, Javier and Iglesias Comesa{\~n}a, Carla and Garc{\'\i}a-Nieto, Paulino J},
  journal={International Journal of Machine Learning and Cybernetics},
  volume={10},
  pages={2823--2836},
  year={2019},
  publisher={Springer}
}
@article{jaganathan2015using,
  title={Using a prediction model to manage cyber security threats},
  author={Jaganathan, Venkatesh and Cherurveettil, Priyesh and Muthu Sivashanmugam, Premapriya and others},
  journal={The Scientific World Journal},
  volume={2015},
  year={2015},
  publisher={Hindawi}
}
@inproceedings{wang2016survey,
  title={A survey of game theoretic methods for cyber security},
  author={Wang, Yuan and Wang, Yongjun and Liu, Jing and Huang, Zhijian and Xie, Peidai},
  booktitle={2016 IEEE First International Conference on Data Science in Cyberspace (DSC)},
  pages={631--636},
  year={2016},
  organization={IEEE}
}
@article{kalinin2021cybersecurity,
  title={Cybersecurity risk assessment in smart city infrastructures},
  author={Kalinin, Maxim and Krundyshev, Vasiliy and Zegzhda, Peter},
  journal={Machines},
  volume={9},
  number={4},
  pages={78},
  year={2021},
  publisher={MDPI}
}
@article{hu2018mimic,
  title={Mimic defense: a designed-in cybersecurity defense framework},
  author={Hu, Hongchao and Wu, Jiangxing and Wang, Zhenpeng and Cheng, Guozhen},
  journal={IET Information Security},
  volume={12},
  number={3},
  pages={226--237},
  year={2018},
  publisher={Wiley Online Library}
}
@book{wang2017security,
  title={Security risk analysis of enterprise networks using probabilistic attack graphs},
  author={Wang, Lingyu and Jajodia, Sushil and Singhal, Anoop and Singhal, Anoop and Ou, Xinming},
  year={2017},
  publisher={Springer}
}
@inproceedings{roy2010survey,
  title={A survey of game theory as applied to network security},
  author={Roy, Sankardas and Ellis, Charles and Shiva, Sajjan and Dasgupta, Dipankar and Shandilya, Vivek and Wu, Qishi},
  booktitle={2010 43rd Hawaii International Conference on System Sciences},
  pages={1--10},
  year={2010},
  organization={IEEE}
}
@book{alpcan2010network,
  title={Network security: A decision and game-theoretic approach},
  author={Alpcan, Tansu and Ba{\c{s}}ar, Tamer},
  year={2010},
  publisher={Cambridge University Press}
}
@article{sandberg2015cyberphysical,
  title={Cyberphysical security in networked control systems: An introduction to the issue},
  author={Sandberg, Henrik and Amin, Saurabh and Johansson, Karl Henrik},
  journal={IEEE Control Systems Magazine},
  volume={35},
  number={1},
  pages={20--23},
  year={2015},
  publisher={IEEE}
}
@article{korzhuk2019identification,
  title={Identification of Attacks against Wireless Sensor Networks Based on Behaviour Analysis.},
  author={Korzhuk, Viktoriia and Groznykh, Anton and Menshikov, Alexander and Strecker, Martin},
  journal={J. Wirel. Mob. Networks Ubiquitous Comput. Dependable Appl.},
  volume={10},
  number={2},
  pages={1--21},
  year={2019}
}
@inproceedings{cardenas2011attacks,
  title={Attacks against process control systems: risk assessment, detection, and response},
  author={C{\'a}rdenas, Alvaro A and Amin, Saurabh and Lin, Zong-Syun and Huang, Yu-Lun and Huang, Chi-Yen and Sastry, Shankar},
  booktitle={Proceedings of the 6th ACM symposium on information, computer and communications security},
  pages={355--366},
  year={2011}
}
@article{ali2018cyber,
  title={Cyber and physical security vulnerability assessment for IoT-based smart homes},
  author={Ali, Bako and Awad, Ali Ismail},
  journal={sensors},
  volume={18},
  number={3},
  pages={817},
  year={2018},
  publisher={MDPI}
}
@article{wu2019detecting,
  title={Detecting cyber-physical attacks in CyberManufacturing systems with machine learning methods},
  author={Wu, Mingtao and Song, Zhengyi and Moon, Young B},
  journal={Journal of intelligent manufacturing},
  volume={30},
  pages={1111--1123},
  year={2019},
  publisher={Springer}
}
@article{wang2012mathematical,
  title={Mathematical modeling for network selection in heterogeneous wireless networks—A tutorial},
  author={Wang, Lusheng and Kuo, Geng-Sheng GS},
  journal={IEEE Communications Surveys \& Tutorials},
  volume={15},
  number={1},
  pages={271--292},
  year={2012},
  publisher={IEEE}
}
@inproceedings{queiruga2017malware,
  title={Malware propagation models in wireless sensor networks: a review},
  author={Queiruga-Dios, Araceli and Hern{\'a}ndez Encinas, Ascensi{\'o}n and Mart{\'\i}n-Vaquero, Jesus and Hern{\'a}ndez Encinas, Luis},
  booktitle={International Joint Conference SOCO’16-CISIS’16-ICEUTE’16: San Sebasti{\'a}n, Spain, October 19th-21st, 2016 Proceedings 11},
  pages={648--657},
  year={2017},
  organization={Springer}
}
@article{liang2012game,
  title={Game theory for network security},
  author={Liang, Xiannuan and Xiao, Yang},
  journal={IEEE Communications Surveys \& Tutorials},
  volume={15},
  number={1},
  pages={472--486},
  year={2012},
  publisher={IEEE}
}
@book{farrimond2012doing,
  title={Doing ethical research},
  author={Farrimond, Hannah},
  year={2012},
  publisher={Bloomsbury Publishing}
}
@misc{simon1945theory,
  title={Theory of Games and Economic Behavior.},
  author={Simon, Herbert A},
  year={1945},
  publisher={JSTOR}
}
@article{dedehayir2016hype,
  title={The hype cycle model: A review and future directions},
  author={Dedehayir, Ozgur and Steinert, Martin},
  journal={Technological Forecasting and Social Change},
  volume={108},
  pages={28--41},
  year={2016},
  publisher={Elsevier}
}
@article{patton1999enhancing,
  title={Enhancing the quality and credibility of qualitative analysis.},
  author={Patton, Michael Quinn},
  journal={Health services research},
  volume={34},
  number={5 Pt 2},
  pages={1189},
  year={1999},
  publisher={Health Research \& Educational Trust}
}
@article{merrick2016survey,
  title={A survey of game theoretic approaches to modelling decision-making in information warfare scenarios},
  author={Merrick, Kathryn and Hardhienata, Medria and Shafi, Kamran and Hu, Jiankun},
  journal={Future Internet},
  volume={8},
  number={3},
  pages={34},
  year={2016},
  publisher={MDPI}
}
@inproceedings{ritchey2000using,
  title={Using model checking to analyze network vulnerabilities},
  author={Ritchey, Ronald W and Ammann, Paul},
  booktitle={Proceeding 2000 IEEE Symposium on Security and Privacy. S\&P 2000},
  pages={156--165},
  year={2000},
  organization={IEEE}
}
@inproceedings{mehta2006ranking,
  title={Ranking attack graphs},
  author={Mehta, Vaibhav and Bartzis, Constantinos and Zhu, Haifeng and Clarke, Edmund and Wing, Jeannette},
  booktitle={International Workshop on Recent Advances in Intrusion Detection},
  pages={127--144},
  year={2006},
  organization={Springer}
}
@book{deisenroth2020mathematics,
  title={Mathematics for machine learning},
  author={Deisenroth, Marc Peter and Faisal, A Aldo and Ong, Cheng Soon},
  year={2020},
  publisher={Cambridge University Press}
}
@article{bottia2018boosting,
  title={Boosting the numbers of STEM majors? The role of high schools with a STEM program},
  author={Bottia, Martha Cecilia and Stearns, Elizabeth and Mickelson, Roslyn Arlin and Moller, Stephanie},
  journal={Science Education},
  volume={102},
  number={1},
  pages={85--107},
  year={2018},
  publisher={Wiley Online Library}
}